@online{lirmmPres,
  author="LIRMM",
  title="Pr√©sentation",
  url="https://www.lirmm.fr/le-lirmm/presentation",
  urldate="2017-11-20",
  note="Last updated: 2016-02-17"
}

@online{AEBPres,
  author="LIRMM",
  url="http://www.lirmm.fr/~baert/"
}

@online{EricBourreauPres,
  author="LIRMM",
  url="http://www.lirmm.fr/~bourreau/"
}
