@online{lirmmPres,
  author="LIRMM",
  title="Pr√©sentation",
  url="https://www.lirmm.fr/le-lirmm/presentation",
  urldate="2017-11-20",
  note="Last updated: 2016-02-17"
}

@online{EricBourreauPres,
  author="LIRMM",
  url="http://www.lirmm.fr/users/utilisateurs-lirmm/eric-bourreau/(language)/fre-FR",
  urldate="2017-11-20",
  note="Last updated: 2017-03-07"
}
